<?xml version="1.0" encoding="UTF-8"?><collection xmlns="http://www.loc.gov/MARC21/slim"><record><leader>00618nam--2200241-u-4500</leader><controlfield tag="001">000050312</controlfield><controlfield tag="002">20161230</controlfield><controlfield tag="003">667</controlfield><controlfield tag="005">20170117234033</controlfield><controlfield tag="008">060526s1000------------r-----000-0-eng-d</controlfield><datafield ind1=" " ind2=" " tag="040"><subfield code="a">IFIN-H.H</subfield></datafield><datafield ind1=" " ind2=" " tag="041"><subfield code="a">rum</subfield></datafield><datafield ind1=" " ind2=" " tag="080"><subfield code="a">51</subfield></datafield><datafield ind1="1" ind2="0" tag="100"><subfield code="a">Ghiunter, N. M</subfield></datafield><datafield ind1="1" ind2="0" tag="245"><subfield code="a">Culegere de probleme de matematici superioare</subfield></datafield><datafield ind1=" " ind2=" " tag="250"><subfield code="a">Editia a II-a in limba romana dupa editia a XII in limba rusa</subfield></datafield><datafield ind1=" " ind2=" " tag="260"><subfield code="a">Bucuresti</subfield><subfield code="b">Editura tehnica</subfield><subfield code="c">1953</subfield></datafield><datafield ind1=" " ind2=" " tag="300"><subfield code="a">214 p</subfield></datafield><datafield ind1=" " ind2=" " tag="490"><subfield code="v">Vol. I</subfield></datafield><datafield ind1=" " ind2="4" tag="650"><subfield code="a">Matematici superioare</subfield></datafield><datafield ind1=" " ind2=" " tag="700"><subfield code="a">Cuzmin, R. O</subfield></datafield><datafield ind1=" " ind2=" " tag="852"><subfield code="c">51</subfield></datafield><datafield ind1=" " ind2=" " tag="CAT"><subfield code="a">SYS</subfield><subfield code="c">20170117</subfield><subfield code="h">234033</subfield></datafield></record></collection>